<?xml version="1.0" encoding="UTF-8"?><collection xmlns="http://www.loc.gov/MARC21/slim"><record><leader>00604nam--2200193-i-4500</leader><controlfield tag="001">000016832</controlfield><controlfield tag="002">20161230</controlfield><controlfield tag="005">20170118214243</controlfield><controlfield tag="008">060222s1000------------r-----000-0-eng-d</controlfield><datafield ind1=" " ind2=" " tag="040"><subfield code="a">IFIN-HH</subfield></datafield><datafield ind1=" " ind2=" " tag="080"><subfield code="a">66.017:620.1</subfield></datafield><datafield ind1="1" ind2=" " tag="100"><subfield code="a">Wawrousek, H</subfield></datafield><datafield ind1="1" ind2="0" tag="245"><subfield code="a">Zaed data sources of mechanical and physical properties of engineering materials</subfield><subfield code="c">H. Wawrousek, J.H. Westbrook, W. Grattidge</subfield></datafield><datafield ind1=" " ind2=" " tag="260"><subfield code="a">Karlsruhe</subfield><subfield code="b">Fachinformationszentrum</subfield><subfield code="c">1989</subfield></datafield><datafield ind1=" " ind2=" " tag="300"><subfield code="a">/Pag.dif.</subfield></datafield><datafield ind1=" " ind2=" " tag="490"><subfield code="a">Physik Daten Physics Data 30-1 1989</subfield></datafield><datafield ind1="1" ind2=" " tag="700"><subfield code="a">Grattidge, W</subfield></datafield><datafield ind1=" " ind2=" " tag="852"><subfield code="a">47445</subfield><subfield code="c">53.081</subfield></datafield><datafield ind1=" " ind2=" " tag="CAT"><subfield code="a">SYS</subfield><subfield code="c">20170118</subfield><subfield code="h">214243</subfield></datafield></record></collection>